@article{sutton2018reinforcement,
  title   = {Reinforcement learning: An introduction},
  author  = {Sutton, Richard S},
  journal = {A Bradford Book},
  year    = {2018}
}
@software{jax2018github,
  author  = {James Bradbury and Roy Frostig and Peter Hawkins and Matthew James Johnson and Chris Leary and Dougal Maclaurin and George Necula and Adam Paszke and Jake Vander{P}las and Skye Wanderman-{M}ilne and Qiao Zhang},
  title   = {{JAX}: composable transformations of {P}ython+{N}um{P}y programs},
  url     = {http://github.com/jax-ml/jax},
  version = {0.3.13},
  year    = {2018}
}
@article{huang2022cleanrl,
  author  = {Shengyi Huang and Rousslan Fernand Julien Dossa and Chang Ye and Jeff Braga and Dipam Chakraborty and Kinal Mehta and João G.M. Araújo},
  title   = {CleanRL: High-quality Single-file Implementations of Deep Reinforcement Learning Algorithms},
  journal = {Journal of Machine Learning Research},
  year    = {2022},
  volume  = {23},
  number  = {274},
  pages   = {1--18},
  url     = {http://jmlr.org/papers/v23/21-1342.html}
}
@article{castro18dopamine,
  author        = {Pablo Samuel Castro and
                   Subhodeep Moitra and
                   Carles Gelada and
                   Saurabh Kumar and
                   Marc G. Bellemare},
  title         = {Dopamine: {A} {R}esearch {F}ramework for {D}eep {R}einforcement {L}earning},
  year          = {2018},
  url           = {http://arxiv.org/abs/1812.06110},
  archiveprefix = {arXiv}
}
@misc{ding21diengine,
  title        = {DI-engine: A Universal AI System/Engine for Decision Intelligence},
  author       = {Niu, Yazhe and Xu, Jingxin and Pu, Yuan and Nie, Yunpeng and Zhang, Jinouwen and Hu, Shuai and Zhao, Liangxuan and Zhang,  Ming and Liu, Yu},
  publisher    = {GitHub},
  howpublished = {\url{https://github.com/opendilab/DI-engine}},
  year         = {2021}
}
@misc{tensorflow2015-whitepaper,
  title  = { {TensorFlow}: Large-Scale Machine Learning on Heterogeneous Systems},
  url    = {https://www.tensorflow.org/},
  note   = {Software available from tensorflow.org},
  author = {
            Mart\'{i}n~Abadi and
            Ashish~Agarwal and
            Paul~Barham and
            Eugene~Brevdo and
            Zhifeng~Chen and
            Craig~Citro and
            Greg~S.~Corrado and
            Andy~Davis and
            Jeffrey~Dean and
            Matthieu~Devin and
            Sanjay~Ghemawat and
            Ian~Goodfellow and
            Andrew~Harp and
            Geoffrey~Irving and
            Michael~Isard and
            Yangqing Jia and
            Rafal~Jozefowicz and
            Lukasz~Kaiser and
            Manjunath~Kudlur and
            Josh~Levenberg and
            Dandelion~Man\'{e} and
            Rajat~Monga and
            Sherry~Moore and
            Derek~Murray and
            Chris~Olah and
            Mike~Schuster and
            Jonathon~Shlens and
            Benoit~Steiner and
            Ilya~Sutskever and
            Kunal~Talwar and
            Paul~Tucker and
            Vincent~Vanhoucke and
            Vijay~Vasudevan and
            Fernanda~Vi\'{e}gas and
            Oriol~Vinyals and
            Pete~Warden and
            Martin~Wattenberg and
            Martin~Wicke and
            Yuan~Yu and
            Xiaoqiang~Zheng},
  year   = {2015}
}